<record><leader>00000cas a2200000 a 4500</leader><controlfield tag="001">35171488</controlfield><controlfield tag="008">960731c19589999cauwr ne      0   a0eng c</controlfield><datafield ind1=" " ind2=" " tag="010"><subfield code="a">sn 96064431 </subfield></datafield><datafield ind1=" " ind2=" " tag="040"><subfield code="a">CNK</subfield><subfield code="b">eng</subfield><subfield code="c">CNK</subfield><subfield code="d">NSD</subfield><subfield code="d">OCLCQ</subfield><subfield code="d">CNK</subfield><subfield code="d">OCLCQ</subfield><subfield code="d">OCLCF</subfield><subfield code="d">OCLCO</subfield></datafield><datafield ind1=" " ind2=" " tag="012"><subfield code="m">y</subfield></datafield><datafield ind1="1" ind2=" " tag="022"><subfield code="a">1521-8120</subfield><subfield code="l">1521-8120</subfield><subfield code="y">0018-0726</subfield><subfield code="2">1</subfield></datafield><datafield ind1="1" ind2=" " tag="029"><subfield code="a">AU@</subfield><subfield code="b">000012745951</subfield></datafield><datafield ind1=" " ind2=" " tag="032"><subfield code="a">242140</subfield><subfield code="b">USPS</subfield></datafield><datafield ind1=" " ind2=" " tag="042"><subfield code="a">pcc</subfield><subfield code="a">nsdp</subfield></datafield><datafield ind1=" " ind2=" " tag="043"><subfield code="a">n-us-ca</subfield></datafield><datafield ind1=" " ind2="0" tag="222"><subfield code="a">Heritage Southwest Jewish press</subfield></datafield><datafield ind1="0" ind2="0" tag="245"><subfield code="a">Heritage Southwest Jewish press.</subfield></datafield><datafield ind1="1" ind2="3" tag="246"><subfield code="a">Heritage</subfield></datafield><datafield ind1="1" ind2="7" tag="246"><subfield code="a">Heritage and Southwest Jewish press</subfield><subfield code="f">Aug. 7, 1958</subfield></datafield><datafield ind1=" " ind2=" " tag="260"><subfield code="a">Los Angeles, Calif. :</subfield><subfield code="b">Heritage Pub. Co.</subfield></datafield><datafield ind1=" " ind2=" " tag="300"><subfield code="a">v.</subfield></datafield><datafield ind1=" " ind2=" " tag="310"><subfield code="a">Weekly</subfield></datafield><datafield ind1="0" ind2=" " tag="362"><subfield code="a">Vol. 5718, no. 47 (Aug. 7, 1958)-</subfield></datafield><datafield ind1=" " ind2=" " tag="530"><subfield code="a">Master negatives are available for duplication from:</subfield><subfield code="b">California Newspaper Microfilm Archive;</subfield><subfield code="c">for further information consult the CNMA at:</subfield><subfield code="u">http://cbsr.ucr.edu.</subfield></datafield><datafield ind1=" " ind2=" " tag="580"><subfield code="a">Formed by the union of: Heritage (Los Angeles, Calif.); and: Southwest Jewish press.</subfield></datafield><datafield ind1=" " ind2=" " tag="588"><subfield code="a">Latest issue consulted: Vol. 5758, no. 45 (Aug. 21, 1998).</subfield></datafield><datafield ind1=" " ind2="0" tag="650"><subfield code="a">Jewish newspapers</subfield><subfield code="z">California.</subfield></datafield><datafield ind1=" " ind2="0" tag="651"><subfield code="a">Los Angeles (Calif.)</subfield><subfield code="v">Newspapers.</subfield></datafield><datafield ind1=" " ind2="7" tag="655"><subfield code="a">Newspapers.</subfield><subfield code="2">fast</subfield><subfield code="0">(OCoLC)fst01423814</subfield></datafield><datafield ind1=" " ind2="7" tag="650"><subfield code="a">Jewish newspapers.</subfield><subfield code="2">fast</subfield><subfield code="0">(OCoLC)fst00982872</subfield></datafield><datafield ind1=" " ind2="7" tag="651"><subfield code="a">California.</subfield><subfield code="2">fast</subfield><subfield code="0">(OCoLC)fst01204928</subfield></datafield><datafield ind1=" " ind2="7" tag="651"><subfield code="a">California</subfield><subfield code="z">Los Angeles.</subfield><subfield code="2">fast</subfield><subfield code="0">(OCoLC)fst01204540</subfield></datafield><datafield ind1=" " ind2=" " tag="752"><subfield code="a">United States</subfield><subfield code="b">California</subfield><subfield code="c">Los Angeles</subfield><subfield code="d">Los Angeles.</subfield></datafield><datafield ind1="1" ind2=" " tag="775"><subfield code="t">Southwest Jewish press heritage</subfield><subfield code="w">(DLC)sn 96064430</subfield></datafield><datafield ind1="1" ind2=" " tag="775"><subfield code="t">San Diego Jewish press heritage</subfield><subfield code="w">(DLC)sn 95068808</subfield></datafield><datafield ind1="1" ind2=" " tag="775"><subfield code="t">Central Valley Jewish heritage</subfield><subfield code="w">(DLC)sn 96064432</subfield></datafield><datafield ind1="1" ind2=" " tag="775"><subfield code="t">Central California Jewish heritage</subfield><subfield code="w">(DLC)sn 96064433</subfield></datafield><datafield ind1="1" ind2=" " tag="775"><subfield code="t">Orange County Jewish heritage</subfield><subfield code="w">(DLC)sn 78005139</subfield></datafield><datafield ind1="1" ind2="4" tag="780"><subfield code="t">Heritage (Los Angeles, Calif.)</subfield><subfield code="x">0018-0726</subfield><subfield code="w">(DLC)sn 89070117</subfield></datafield><datafield ind1="1" ind2="4" tag="780"><subfield code="t">Southwest Jewish press</subfield><subfield code="w">(DLC)sn 96064429</subfield></datafield></record>